@comment{
techreport{nxxxx
  author={},
  title={{}},
  institution={ISO/IEC JTC1/SC22/WG21},
  type={Working paper},
  number={NXXXX},
  month=mmm,
  year=YYYY,
}
}

@techreport{n2648,
  author={Lawrence Crowl and Matt Austern},
  title={{C++ Dynamic Arrays}},
  institution={ISO/IEC JTC1/SC22/WG21},
  type={Working paper},
  number={N2648},
  month=may,
  year=2008,
}

@techreport{n3366,
  author={Jens Maurer},
  title={{Runtime-sized arrays with automatic storage duration}},
  institution={ISO/IEC JTC1/SC22/WG21},
  type={Working paper},
  number={N3366},
  month=feb,
  year=2012,
}

@techreport{n3412,
  author={Jens Maurer},
  title={{Runtime-sized arrays with automatic storage duration (revision 2)}},
  institution={ISO/IEC JTC1/SC22/WG21},
  type={Working paper},
  number={N3412},
  month=sep,
  year=2012,
}

@techreport{n3467,
  author={Jens Maurer},
  title={{Runtime-sized arrays with automatic storage duration (revision 3)}},
  institution={ISO/IEC JTC1/SC22/WG21},
  type={Working paper},
  number={N3467},
  month=oct,
  year=2012,
}

@techreport{n3497,
  author={Jens Maurer},
  title={{Runtime-sized arrays with automatic storage duration (revision 4)}},
  institution={ISO/IEC JTC1/SC22/WG21},
  type={Working paper},
  number={N3497},
  month=jan,
  year=2013,
}

@techreport{n3532,
  author={Lawrence Crowl and Matt Austern},
  title={{C++ Dynamic Arrays}},
  institution={ISO/IEC JTC1/SC22/WG21},
  type={Working paper},
  number={N3532},
  month=mar,
  year=2013,
}


@techreport{n3639,
  author={Jens Maurer},
  title={{Runtime-sized arrays with automatic storage duration (revision 5)}},
  institution={ISO/IEC JTC1/SC22/WG21},
  type={Working paper},
  number={N3639},
  month=apr,
  year=2013,
}

@techreport{n3662,
  author={Lawrence Crowl and Matt Austern},
  title={{C++ Dynamic Arrays}},
  institution={ISO/IEC JTC1/SC22/WG21},
  type={Working paper},
  number={N3662},
  month=apr,
  year=2013,
}

@techreport{n3691,
  author={ISO C++ Standards Committee},
  title={{Working Draft, Standard for Programming Language C++}},
  institution={ISO/IEC JTC1/SC22/WG21},
  type={Working Draft},
  number={N3691},
  month=jul,
  year=2013,
}

@techreport{n3810,
  author={Bjarne Stroustrup},
  title={{Alternatives for Array Extensions}},
  institution={ISO/IEC JTC1/SC22/WG21},
  type={Working paper},
  number={N3810},
  month=oct,
  year=2013,
}


@techreport{n3797,
  author={ISO C++ Standards Committee},
  title={{Working Draft, Standard for Programming Language C++}},
  institution={ISO/IEC JTC1/SC22/WG21},
  type={Working Draft},
  number={N3797},
  month=oct,
  year=2013,
}
