@comment{
techreport{nxxxx
  author={},
  title={{}},
  institution={ISO/IEC JTC1/SC22/WG21},
  type={Working paper},
  number={NXXXX},
  month=mmm,
  year=YYYY,
}
}

@techreport{Ada2012,
  author={ISO/IEC JTC1/SC22},
  title={{Information technology -- Programming languages -- Ada}},
  type={International Standard},
  number={ISO/IEC 8652:2012},
  institution={ISO},
  year=2012,
}

@techreport{hoare:1973,
 author = {Hoare, C. A. R.},
 title = {Hints on Programming Language Design.},
 year = {1973},
 publisher = {Stanford University},
 address = {Stanford, CA, USA},
} 

@techreport{iso-eiffel,
  author={ISO/IEC JTC1/SC22},
  title={{Information technology -- Eiffel: Analysis, Design and Programming Language}},
  type={International Standard},
  institution={ISO},
  number={ISO/IEC 25436:2006},
  month=dec,
  year=2006,
}

@techreport{ecma-eiffel,
  author={ECMA},
  title={{Eiffel: Analysis, Design and Programming Language}},
  type={ECMA Standard},
  institution={ECMA},
  number={ECMA-367},
  month=jun,
  year=2006,
}
@techreport{n1613,
  author={Throsten Ottosen},
  title={{Proposal to add Design by Contract to C++}},
  institution={ISO/IEC JTC1/SC22/WG21},
  type={Working paper},
  number={N1613},
  month=mar,
  year=2004,
}

@techreport{n1773,
  author={Dave Abrahams and Lawrence Crowl and Throsten Ottosen and James Widman},
  title={{Proposal to add Contract Programming to C++ (revision 2)}},
  institution={ISO/IEC JTC1/SC22/WG21},
  type={Working paper},
  number={N1773},
  month=mar,
  year=2005,
}

@techreport{n1866,
  author={Lawrence Crowl and Throsten Ottosen},
  title={{Proposal to add Contract Programming to C++ (revision 3)}},
  institution={ISO/IEC JTC1/SC22/WG21},
  type={Working paper},
  number={N1866},
  month=may,
  year=2005,
}

@techreport{n3248,
  author={Alisdair Meredith and John Lakos},
  title={{\texttt{noexcept} prevents library validation}},
  institution={ISO/IEC JTC1/SC22/WG21},
  type={Working paper},
  number={N3248},
  month=feb,
  year=2011,
}

@techreport{n3279,
  author={Alisdair Meredith and John Lakos},
  title={{Conservative use of \texttt{noexcept} in the Library}},
  institution={ISO/IEC JTC1/SC22/WG21},
  type={Working paper},
  number={N3279},
  month=mar,
  year=2011,
}

@techreport{n3997,
  author={John Lakos and Alexei Zakharov and Alexander Beels},
  title={{Centralized Defensive-Programming Support for Narrow Contracts (revision 5)}},
  institution={ISO/IEC JTC1/SC22/WG21},
  type={Working paper},
  number={N3997},
  month=may,
  year=2014,
}

@techreport{n4110,
  author={J. Daniel Garc√≠a},
  title={{Exploring the design space of contract specifications for C++}},
  institution={ISO/IEC JTC1/SC22/WG21},
  type={Working paper},
  number={N4110},
  month=jul,
  year=2014,
}

@techreport{n4135,
  author={John Lakos and Alexei Zakharov and Alexander Beels and Nathan Myers},
  title={{Language Support for Runtime Contract Validation (Revision 8)}},
  institution={ISO/IEC JTC1/SC22/WG21},
  type={Working paper},
  number={N4135},
  month=oct,
  year=2014,
}

